 @misc{osm,
	author  = {{OpenStreetMap contributors}},
	title   = {{Planet dump retrieved from planet.osm.org}},
	url     = {\url{https://www.openstreetmap.org}},
	urldate = {2023-03-08},
	year    = {2023}
}

@article{osmnx,
	title    = {OSMnx: New methods for acquiring, constructing, analyzing, and visualizing complex street networks},
	journal  = {Computers, Environment and Urban Systems},
	volume   = {65},
	pages    = {126-139},
	year     = {2017},
	issn     = {0198-9715},
	doi      = {10.1016/j.compenvurbsys.2017.05.004},
	author   = {Geoff Boeing},
	keywords = {Street network, Urban form, Urban design, Transportation, Resilience, OpenStreetMap, GIS, Complex networks, Visualization, Python}
}

@inproceedings{networkx,
	author    = {Aric A. Hagberg and Daniel A. Schult and Pieter J. Swart},
	title     = {Exploring Network Structure, Dynamics, and Function using NetworkX},
	booktitle = {Proceedings of the 7th Python in Science Conference},
	pages     = {11 - 15},
	address   = {Pasadena, CA USA},
	year      = {2008},
	editor    = {Ga\"el Varoquaux and Travis Vaught and Jarrod Millman}
}
